<record><leader>00000cas a22000007a 4500</leader><controlfield tag="001">19405777</controlfield><controlfield tag="008">890321d18uu1980gauwr ne      0    0eng d</controlfield><datafield ind1=" " ind2=" " tag="010"><subfield code="a">sn 89053240 </subfield></datafield><datafield ind1=" " ind2=" " tag="040"><subfield code="a">NLG</subfield><subfield code="b">eng</subfield><subfield code="c">NLG</subfield><subfield code="d">GUA</subfield><subfield code="d">OCLCQ</subfield><subfield code="d">OCLCF</subfield><subfield code="d">OCLCO</subfield></datafield><datafield ind1="1" ind2=" " tag="029"><subfield code="a">AU@</subfield><subfield code="b">000025901736</subfield></datafield><datafield ind1=" " ind2=" " tag="042"><subfield code="a">msc</subfield></datafield><datafield ind1=" " ind2=" " tag="043"><subfield code="a">n-us-ga</subfield></datafield><datafield ind1="0" ind2="4" tag="245"><subfield code="a">The Liberty County herald.</subfield></datafield><datafield ind1=" " ind2=" " tag="260"><subfield code="a">Hinesville, Ga. :</subfield><subfield code="b">R.S. Martin,</subfield><subfield code="c">-1980.</subfield></datafield><datafield ind1=" " ind2=" " tag="300"><subfield code="a">v.</subfield></datafield><datafield ind1=" " ind2=" " tag="310"><subfield code="a">Weekly</subfield></datafield><datafield ind1="0" ind2=" " tag="362"><subfield code="a">-v. 111, no. 78 (Sept. 30, 1980).</subfield></datafield><datafield ind1=" " ind2=" " tag="515"><subfield code="a">No volumne numbering &lt;1934-1936&gt;.</subfield></datafield><datafield ind1=" " ind2=" " tag="530"><subfield code="a">Also on microfilm: Athens, Ga. : University of Georgia Libraries.</subfield></datafield><datafield ind1=" " ind2=" " tag="580"><subfield code="a">Merged with Bryan County news, to form: Coastal courier (Hinesville, Ga.).</subfield></datafield><datafield ind1=" " ind2=" " tag="588"><subfield code="a">Description based on: Sept. 30, 1934.</subfield></datafield><datafield ind1=" " ind2="0" tag="651"><subfield code="a">Hinesville (Ga.)</subfield><subfield code="v">Newspapers.</subfield></datafield><datafield ind1=" " ind2="0" tag="651"><subfield code="a">Liberty County (Ga.)</subfield><subfield code="v">Newspapers.</subfield></datafield><datafield ind1=" " ind2="7" tag="655"><subfield code="a">Newspapers.</subfield><subfield code="2">fast</subfield><subfield code="0">(OCoLC)fst01423814</subfield></datafield><datafield ind1=" " ind2="7" tag="651"><subfield code="a">Georgia</subfield><subfield code="z">Hinesville.</subfield><subfield code="2">fast</subfield><subfield code="0">(OCoLC)fst01217820</subfield></datafield><datafield ind1=" " ind2="7" tag="651"><subfield code="a">Georgia</subfield><subfield code="z">Liberty County.</subfield><subfield code="2">fast</subfield><subfield code="0">(OCoLC)fst01206492</subfield></datafield><datafield ind1=" " ind2=" " tag="752"><subfield code="a">United States</subfield><subfield code="b">Georgia</subfield><subfield code="c">Liberty</subfield><subfield code="d">Hinesville.</subfield></datafield><datafield ind1="0" ind2="5" tag="780"><subfield code="t">Hinesville sentinel</subfield><subfield code="w">(DLC)sn 89053513</subfield><subfield code="w">(OCoLC)20175146</subfield></datafield><datafield ind1="1" ind2="7" tag="785"><subfield code="t">Bryan County news</subfield><subfield code="w">(DLC)sn 90052174</subfield><subfield code="w">(OCoLC)21743030</subfield></datafield><datafield ind1="1" ind2="7" tag="785"><subfield code="t">Coastal courier (Hinesville, Ga.)</subfield><subfield code="w">(DLC)sn 89053241</subfield><subfield code="w">(OCoLC)19405761</subfield></datafield></record>